
% BibTeX Entries
 
 @misc{TwitterApi:2015,
 author               = {Twitter},
 month                = {October},
 title                = {Twitter Streaming APIs Overview},
 howpublished   = "\url{https://dev.twitter.com/streaming/overview}",
 year                 = {2015},
note = "[Online; diakses 1-Oktober-2015]"
 }
 
  @misc{InstagramApi:2016,
 author               = {Instagram},
 month                = {Maret},
 title                = {Instagram Developer Documentation},
 howpublished   = "\url{https://www.instagram.com/developer/}",
 year                 = {2016},
 note = "[Online; diakses 1-Maret-2016]"
 }
 
 @misc{AmCharts:2016,
 author               = {amCharts},
 month                = {April},
 title                = {amCharts v3.0 Documentation},
 howpublished   = "\url{https://docs.amcharts.com/3/javascriptcharts}",
 year                 = {2016},
 note = "[Online; diakses 1-April-2016]"
 }

 
 @article{Dean:2008:MSD:1327452.1327492,
 author = {Dean, Jeffrey and Ghemawat, Sanjay},
 title = {MapReduce: Simplified Data Processing on Large Clusters},
 journal = {Commun. ACM},
 issue_date = {January 2008},
 volume = {51},
 number = {1},
 month = jan,
 year = {2008},
 issn = {0001-0782},
 pages = {107--113},
 numpages = {7},
 url = {http://doi.acm.org/10.1145/1327452.1327492},
 doi = {10.1145/1327452.1327492},
 acmid = {1327492},
 publisher = {ACM},
 address = {New York, NY, USA},
} 

@book{Lam:2010:HA:1965594,
 author = {Lam, Chuck},
 title = {Hadoop in Action},
 year = {2010},
 isbn = {1935182196, 9781935182191},
 edition = {1st},
 publisher = {Manning Publications Co.},
 address = {Greenwich, CT, USA},
} 

@book{han2011data,
  title={Data mining: concepts and techniques: concepts and techniques},
  author={Han, Jiawei and Kamber, Micheline and Pei, Jian},
  year={2011},
  publisher={Elsevier}
}

@misc{feldman2006j,
  title={J, The Text Mining Handbook},
  author={Feldman, R-SANGER},
  year={2006},
  publisher={New York: Cambridge University Press}
}

@book{feldman2007text,
  title={The text mining handbook: advanced approaches in analyzing unstructured data},
  author={Feldman, Ronen and Sanger, James},
  year={2007},
  publisher={Cambridge University Press}
}

@article{manalu2014analisis,
  title={Analisis Sentimen pada Twitter Menggunakan Text Mining},
  author={Manalu, Boy Utomo},
  year={2014}
}

@book{berry2010text,
  title={Text mining: applications and theory},
  author={Berry, Michael W and Kogan, Jacob},
  year={2010},
  publisher={John Wiley \& Sons}
}

@article{tala2003study,
  title={A study of stemming effects on information retrieval in Bahasa Indonesia},
  author={Tala, Fadillah Z},
  journal={Institute for Logic, Language and Computation Universeit Van Amsterdam},
  year={2003}
}

@article{liu2012sentiment,
  title={Sentiment analysis and opinion mining},
  author={Liu, Bing},
  journal={Synthesis Lectures on Human Language Technologies},
  volume={5},
  number={1},
  pages={1--167},
  year={2012},
  publisher={Morgan \& Claypool Publishers}
}
 
 
@misc{sqoop:2015,
 author               = {Sqoop Apache},
 month                = {October},
 title                = {Sqoop Apache Official Website},
 url                  = {http://sqoop.apache.org/},
 year                 = {2015},
 }
 
@misc{hive:2015,
 author               = {Hive Apache},
 month                = {October},
 title                = {Hive Apache Official Website},
 url                  = {https://cwiki.apache.org/confluence/display/Hive/},
 year                 = {2015},
 }
 
 @book{karanth2014mastering,
  title={Mastering Hadoop},
  author={Karanth, Sandeep},
  year={2014},
  publisher={Packt Publishing Ltd}
}

@book{holmes2012hadoop,
  title={Hadoop in practice},
  author={Holmes, Alex},
  year={2012},
  publisher={Manning Publications Co.}
}

@book{sammer2012hadoop,
  title={Hadoop operations},
  author={Sammer, Eric},
  year={2012},
  publisher={" O'Reilly Media, Inc."}
}

@book{white2012hadoop,
  title={Hadoop: The definitive guide},
  author={White, Tom},
  year={2012},
  publisher={" O'Reilly Media, Inc."}
}

@book{rud2009business,
  title={Business intelligence success factors: tools for aligning your business in the global economy},
  author={Rud, Olivia Parr},
  volume={18},
  year={2009},
  publisher={John Wiley \& Sons}
}